@inproceedings{den1993collisions,
  title={Collisions for the compression function of MD5},
  author={Den Boer, Bert and Bosselaers, Antoon},
  booktitle={Workshop on the Theory and Application of of Cryptographic Techniques},
  pages={293--304},
  year={1993},
  organization={Springer}
}

@inproceedings{consistentHashing1997,
  title={Consistent Hashing and random trees: Distributed caching protocols for relieving ht spots on the world wide web},
  author={D. Karger, E. Lehman, T. Leighton, R. Panigraphy, M. Levine and D. Lewin},
  booktitle={STOC '97 Proceedings of the twenty-ninth annual ACM symposium on Theory of computing},
  pages={654--663},
  year={1997},
  organization={ACM}
}

@inproceedings{CoopStorage,
  title={Wide-area cooperative storage with CFS},
  author={F. Dabek, M. F. Kaashoek, D. Karger, R. Morris and I. Stoica},
  booktitle={SOSP '01 Proceedings of the eighteenth ACM symposium on Operating systems principles},
  pages={202--215},
  year={2001},
  organization={ACM}
}
@inproceedings {211261,
author = {Xin Jin and Xiaozhou Li and Haoyu Zhang and Nate Foster and Jeongkeun Lee and Robert Soul{\'e} and Changhoon Kim and Ion Stoica},
title = {NetChain: Scale-Free Sub-RTT Coordination},
booktitle = {15th {USENIX} Symposium on Networked Systems Design and Implementation ({NSDI} 18)},
year = {2018},
isbn = {978-1-939133-01-4},
address = {Renton, WA},
pages = {35--49},
url = {https://www.usenix.org/conference/nsdi18/presentation/jin},
publisher = {{USENIX} Association},
month = apr,
}